<record><leader>00000cas a22000007a 4500</leader><controlfield tag="001">25298770</controlfield><controlfield tag="008">920219d19uu1923wyuwr ne      0    0eng d</controlfield><datafield ind1=" " ind2=" " tag="010"><subfield code="a">sn 92066938 </subfield></datafield><datafield ind1=" " ind2=" " tag="040"><subfield code="a">NVO</subfield><subfield code="b">eng</subfield><subfield code="c">NVO</subfield><subfield code="d">OCLCQ</subfield></datafield><datafield ind1=" " ind2=" " tag="042"><subfield code="a">msc</subfield></datafield><datafield ind1="0" ind2="4" tag="245"><subfield code="a">The Goshen Hole news.</subfield></datafield><datafield ind1=" " ind2=" " tag="260"><subfield code="a">Yoder, Goshen County, Wyo. :</subfield><subfield code="b">C.F. Yeager</subfield></datafield><datafield ind1=" " ind2=" " tag="300"><subfield code="a">v.</subfield></datafield><datafield ind1=" " ind2=" " tag="310"><subfield code="a">Weekly</subfield></datafield><datafield ind1="0" ind2=" " tag="362"><subfield code="a">-v. 3, no. 20 (Sept. 26, 1923).</subfield></datafield><datafield ind1=" " ind2=" " tag="588"><subfield code="a">Description based on: Vol. 2, no. 6 (June 21, 1922).</subfield></datafield><datafield ind1=" " ind2="4" tag="651"><subfield code="a">Yoder (Wyo.)</subfield><subfield code="v">Newspapers.</subfield></datafield><datafield ind1=" " ind2="4" tag="651"><subfield code="a">Goshen County (Wyo.)</subfield><subfield code="v">Newspapers.</subfield></datafield><datafield ind1=" " ind2="4" tag="651"><subfield code="a">Scotts Bluff County (Neb.)</subfield><subfield code="v">Newspapers.</subfield></datafield><datafield ind1=" " ind2=" " tag="752"><subfield code="a">United States</subfield><subfield code="b">Wyoming</subfield><subfield code="c">Goshen</subfield><subfield code="d">Yoder.</subfield></datafield><datafield ind1="0" ind2="4" tag="785"><subfield code="t">Goshen County journal</subfield><subfield code="w">(DLC)sn 92066937</subfield></datafield><datafield ind1="1" ind2=" " tag="029"><subfield code="a">AU@</subfield><subfield code="b">000025909097</subfield></datafield></record>